<?xml version="1.0" encoding="UTF-8"?>
<!--Sample XML file generated by XMLSpy v2011 rel. 2 sp1 (http://www.altova.com)-->
<Document xmlns="http://www.six-interbank-clearing.com/de/camt.052.001.02.ch.01" xmlns:xsi="http://www.w3.org/2001/XMLSchema-instance" xsi:schemaLocation="http://www.six-interbank-clearing.com/de/camt.052.001.02.ch.01 camt.052.001.02.ch.01.xsd">
	<BkToCstmrAcctRpt>
		<GrpHdr>
			<MsgId>SIC4-001</MsgId>
			<CreDtTm>2012-08-17T17:30:47</CreDtTm>
			<MsgRcpt>
				<Id>
					<OrgId>
						<Othr>
							<Id>082310</Id>
							<SchmeNm>
								<Prtry>CHSIC</Prtry>
							</SchmeNm>
						</Othr>
					</OrgId>
				</Id>
			</MsgRcpt>
			<MsgPgntn>
				<PgNb>1</PgNb>
				<LastPgInd>true</LastPgInd>
			</MsgPgntn>
			<AddtlInf>DETREC</AddtlInf>
		</GrpHdr>
		<Rpt>
			<Id>1</Id>
			<CreDtTm>2012-08-17T17:30:47</CreDtTm>
			<FrToDt>
				<FrDtTm>2011-08-16T17:30:00</FrDtTm>
				<ToDtTm>2011-08-17T17:30:00</ToDtTm>
			</FrToDt>
			<RptgSrc>
				<Prtry>CSC</Prtry>
			</RptgSrc>
			<Acct>
				<Id>
					<Othr>
						<Id>082310</Id>
					</Othr>
				</Id>
				<Ccy>CHF</Ccy>
				<Ownr>
					<Nm>Schweizer Bank</Nm>
					<PstlAdr>
						<AdrLine>Bankgasse 2</AdrLine>
						<AdrLine>CH 8001 Zuerich</AdrLine>
					</PstlAdr>
				</Ownr>
			</Acct>
			<Bal>
				<Tp>
					<CdOrPrtry>
						<Prtry>AVLBL</Prtry>
					</CdOrPrtry>
				</Tp>
				<Amt Ccy="CHF">250.12</Amt>
				<CdtDbtInd>CRDT</CdtDbtInd>
				<Dt>
					<Dt>2012-08-17</Dt>
				</Dt>
			</Bal>
			<TxsSummry>
				<TtlNtries>
					<NbOfNtries>4</NbOfNtries>
					<TtlNetNtryAmt>250.12</TtlNetNtryAmt>
					<CdtDbtInd>CRDT</CdtDbtInd>
				</TtlNtries>
				<TtlCdtNtries>
					<NbOfNtries>2</NbOfNtries>
					<Sum>1250.12</Sum>
				</TtlCdtNtries>
				<TtlDbtNtries>
					<NbOfNtries>2</NbOfNtries>
					<Sum>1000.00</Sum>
				</TtlDbtNtries>
			</TxsSummry>
			<Ntry>
				<Amt Ccy="CHF">1000.12</Amt>
				<CdtDbtInd>CRDT</CdtDbtInd>
				<Sts>BOOK</Sts>
				<BookgDt>
					<DtTm>2012-08-17T08:00:17</DtTm>
				</BookgDt>
				<BkTxCd>
					<Prtry>
						<Cd>CSTPMT</Cd>
					</Prtry>
				</BkTxCd>
				<AddtlInfInd>
					<MsgNmId>pacs.008</MsgNmId>
					<MsgId>PACS008CH_3456</MsgId>
				</AddtlInfInd>
				<NtryDtls>
					<TxDtls>
						<RltdAgts>
							<DbtrAgt>
								<FinInstnId>
									<ClrSysMmbId>
										<ClrSysId>
											<Cd>CHSIC</Cd>
										</ClrSysId>
										<MmbId>090000</MmbId>
									</ClrSysMmbId>
								</FinInstnId>
							</DbtrAgt>
						</RltdAgts>
					</TxDtls>
				</NtryDtls>
			</Ntry>
			<Ntry>
				<Amt Ccy="CHF">100.00</Amt>
				<CdtDbtInd>DBIT</CdtDbtInd>
				<Sts>BOOK</Sts>
				<BookgDt>
					<DtTm>2012-08-17T09:00:47</DtTm>
				</BookgDt>
				<ValDt>
					<Dt>2012-08-17</Dt>
				</ValDt>
				<BkTxCd>
					<Prtry>
						<Cd>ESRPMT</Cd>
					</Prtry>
				</BkTxCd>
				<AddtlInfInd>
					<MsgNmId>A15</MsgNmId>
					<MsgId>MTA15_789</MsgId>
				</AddtlInfInd>
				<NtryDtls>
					<TxDtls>
						<RltdAgts>
							<CdtrAgt>
								<FinInstnId>
									<ClrSysMmbId>
										<ClrSysId>
											<Cd>CHSIC</Cd>
										</ClrSysId>
										<MmbId>040000</MmbId>
									</ClrSysMmbId>
								</FinInstnId>
							</CdtrAgt>
						</RltdAgts>
					</TxDtls>
				</NtryDtls>
			</Ntry>
			<Ntry>
				<Amt Ccy="CHF">900.00</Amt>
				<CdtDbtInd>DBIT</CdtDbtInd>
				<Sts>BOOK</Sts>
				<BookgDt>
					<DtTm>2012-08-17T09:01:40</DtTm>
				</BookgDt>
				<ValDt>
					<Dt>2012-08-17</Dt>
				</ValDt>
				<BkTxCd>
					<Prtry>
						<Cd>CSTPMT</Cd>
					</Prtry>
				</BkTxCd>
				<AddtlInfInd>
					<MsgNmId>A10</MsgNmId>
					<MsgId>MTA10_12789</MsgId>
				</AddtlInfInd>
				<NtryDtls>
					<TxDtls>
						<RltdAgts>
							<CdtrAgt>
								<FinInstnId>
									<ClrSysMmbId>
										<ClrSysId>
											<Cd>CHSIC</Cd>
										</ClrSysId>
										<MmbId>040000</MmbId>
									</ClrSysMmbId>
								</FinInstnId>
							</CdtrAgt>
						</RltdAgts>
					</TxDtls>
				</NtryDtls>
			</Ntry>
			<Ntry>
				<Amt Ccy="CHF">250.00</Amt>
				<CdtDbtInd>CRDT</CdtDbtInd>
				<Sts>BOOK</Sts>
				<BookgDt>
					<DtTm>2012-08-17T09:01:54</DtTm>
				</BookgDt>
				<ValDt>
					<Dt>2012-08-17</Dt>
				</ValDt>
				<BkTxCd>
					<Prtry>
						<Cd>CSTPMT</Cd>
					</Prtry>
				</BkTxCd>
				<AddtlInfInd>
					<MsgNmId>A10</MsgNmId>
					<MsgId>6287194391</MsgId>
				</AddtlInfInd>
				<NtryDtls>
					<TxDtls>
						<RltdAgts>
							<DbtrAgt>
								<FinInstnId>
									<ClrSysMmbId>
										<ClrSysId>
											<Cd>CHSIC</Cd>
										</ClrSysId>
										<MmbId>052030</MmbId>
									</ClrSysMmbId>
								</FinInstnId>
							</DbtrAgt>
						</RltdAgts>
					</TxDtls>
				</NtryDtls>
			</Ntry>
		</Rpt>
	</BkToCstmrAcctRpt>
</Document>
